@Manual{R,
    title = {R: A Language and Environment for Statistical Computing},
    author = {{R Core Team}},
    organization = {R Foundation for Statistical Computing},
    address = {Vienna, Austria},
    year = {2015},
    url = {https://www.R-project.org/},
}

@Manual{knitr,
  title = {knitr: A General-Purpose Package for Dynamic Report Generation in R},
  author = {Yihui Xie},
  year = {2015},
  note = {R package version 1.11},
}

@Manual{xtable,
    title = {xtable: Export tables to LaTeX or HTML},
    author = {David B. Dahl},
    year = {2014},
    note = {R package version 1.7-4},
    url = {http://CRAN.R-project.org/package=xtable},
  }

@Article{reshape2,
    title = {Reshaping Data with the {reshape} Package},
    author = {Hadley Wickham},
    journal = {Journal of Statistical Software},
    year = {2007},
    volume = {21},
    number = {12},
    pages = {1--20},
    url = {http://www.jstatsoft.org/v21/i12/},
  }

@Manual{data.table,
    title = {data.table: Extension of Data.frame},
    author = {M Dowle and A Srinivasan and T Short and S Lianoglou with contributions from R Saporta and E Antonyan},
    year = {2015},
    note = {R package version 1.9.6},
    url = {http://CRAN.R-project.org/package=data.table},
  }

@Manual{cvTools,
    title = {cvTools: Cross-validation tools for regression models},
    author = {Andreas Alfons},
    year = {2012},
    note = {R package version 0.3.2},
    url = {http://CRAN.R-project.org/package=cvTools},
  }

@Book{class_nnet,
    title = {Modern Applied Statistics with S},
    author = {W. N. Venables and B. D. Ripley},
    publisher = {Springer},
    edition = {Fourth},
    address = {New York},
    year = {2002},
    note = {ISBN 0-387-95457-0},
    url = {http://www.stats.ox.ac.uk/pub/MASS4},
  }

@Manual{e1071,
    title = {e1071: Misc Functions of the Department of Statistics, Probability
Theory Group (Formerly: E1071), TU Wien},
    author = {David Meyer and Evgenia Dimitriadou and Kurt Hornik and Andreas Weingessel and Friedrich Leisch},
    year = {2015},
    note = {R package version 1.6-7},
    url = {http://CRAN.R-project.org/package=e1071},
  }

@Manual{pls,
    title = {pls: Partial Least Squares and Principal Component Regression},
    author = {Bj√∏rn-Helge Mevik and Ron Wehrens and Kristian Hovde Liland},
    year = {2015},
    note = {R package version 2.5-0},
    url = {http://CRAN.R-project.org/package=pls},
  }

@Manual{rpart,
    title = {rpart: Recursive Partitioning and Regression Trees},
    author = {Terry Therneau and Beth Atkinson and Brian Ripley},
    year = {2015},
    note = {R package version 4.1-10},
    url = {http://CRAN.R-project.org/package=rpart},
  }

@Article{adabag,
    title = {{adabag}: An {R} Package for Classification with Boosting and Bagging},
    author = {Esteban Alfaro and Mat\'ias G\'amez and Noelia Garc\'ia},
    journal = {Journal of Statistical Software},
    year = {2013},
    volume = {54},
    number = {2},
    pages = {1--35},
    url = {http://www.jstatsoft.org/v54/i02/},
  }

@Article{randomForest,
    title = {Classification and Regression by randomForest},
    author = {Andy Liaw and Matthew Wiener},
    journal = {R News},
    year = {2002},
    volume = {2},
    number = {3},
    pages = {18-22},
    url = {http://CRAN.R-project.org/doc/Rnews/},
  }